<record><leader>00000cas a22000007a 4500</leader><controlfield tag="001">13725176</controlfield><controlfield tag="008">860612d1uuu1919inudn ne      0    0eng d</controlfield><datafield ind1=" " ind2=" " tag="010"><subfield code="a">sn 86058597 </subfield></datafield><datafield ind1=" " ind2=" " tag="040"><subfield code="a">NPI</subfield><subfield code="b">eng</subfield><subfield code="c">NPI</subfield><subfield code="d">OCLCQ</subfield></datafield><datafield ind1=" " ind2=" " tag="042"><subfield code="a">msc</subfield></datafield><datafield ind1="0" ind2=" " tag="130"><subfield code="a">Daily courier (New Castle, Ind. : 1902)</subfield></datafield><datafield ind1="1" ind2="4" tag="245"><subfield code="a">The daily courier.</subfield></datafield><datafield ind1="3" ind2="0" tag="246"><subfield code="a">Courier-times</subfield></datafield><datafield ind1=" " ind2=" " tag="260"><subfield code="a">New Castle, Ind. :</subfield><subfield code="b">[M.O. Waters &amp; J.A. Greenstreet],</subfield><subfield code="c">-1919.</subfield></datafield><datafield ind1=" " ind2=" " tag="300"><subfield code="a">v. :</subfield><subfield code="b">ill. ;</subfield><subfield code="c">55-59 cm.</subfield></datafield><datafield ind1=" " ind2=" " tag="310"><subfield code="a">Daily (except Sun.)</subfield></datafield><datafield ind1="0" ind2=" " tag="362"><subfield code="a">-24th year, no. 279 (Nov. 22, 1919).</subfield></datafield><datafield ind1=" " ind2=" " tag="500"><subfield code="a">Publishers' names from Ayer, N.W. &amp; Son. American newspaper annual and directory.</subfield></datafield><datafield ind1=" " ind2=" " tag="500"><subfield code="a">On Mar. 12, 1917: Daily courier (New Castle, Ind. : 1902)--issued two combined issues with: New Castle daily times (New Castle, Ind.) which were called: Courier-times. This occurrence was necessitated by a tornado which had hit the town and damaged both newspaper offices.</subfield></datafield><datafield ind1=" " ind2=" " tag="580"><subfield code="a">Published also until 1919 in a weekly edition called: New Castle courier (New Castle, Ind. : 1873).</subfield></datafield><datafield ind1=" " ind2=" " tag="588"><subfield code="a">Description based on: Vol. 6, no. 212 (Jan. 9, 1902).</subfield></datafield><datafield ind1=" " ind2=" " tag="752"><subfield code="a">United States</subfield><subfield code="b">Indiana</subfield><subfield code="c">Henry</subfield><subfield code="d">New Castle.</subfield></datafield><datafield ind1="1" ind2=" " tag="775"><subfield code="t">New Castle courier (New Castle, Ind. : 1873)</subfield><subfield code="w">(DLC)sn 84038033</subfield></datafield><datafield ind1="0" ind2="0" tag="780"><subfield code="t">Little courier</subfield><subfield code="w">(DLC)sn 86058596</subfield></datafield><datafield ind1="0" ind2="0" tag="785"><subfield code="t">Newcastle courier (New Castle, Ind. : 1919)</subfield><subfield code="w">(DLC)sn 86058598</subfield></datafield></record>